2484 3271
1228 107 1262 148 4

223 239 264 281 2,
291 236 567 279 demonstran
603 245 736 285 neque
762 233 1036 284 peculiarem,
1080 235 1270 284 quem-:in
1303 240 1543 273 atomorum¹
1561 232 1695 272 for-ra
1720 234 1853 284 posuit
1868 233 2097 272 Abderites
2121 234 2267 284 probat

226 297 439 347 Stagirites
465 296 518 334 de
546 293 673 340 coelo,
688 293 761 337 IV,
803 297 853 339 ας
891 292 989 332 Met.
1018 294 1049 340 Ι,
1077 296 1117 332 7.
1143 307 1264 345 quum
1293 293 1427 335 forma
1450 294 1633 346 corporis
1657 292 2076 334 motum-accelerare
2107 294 2267 347 quidem

224 364 294 398 aut
319 357 532 397 retardare
558 363 714 407 posset,
747 355 857 394 haud
883 367 982 394 vero
1007 354 1187 395 efficere.
1239 357 1376 408 Atque
1399 364 1454 396 ut·
1468 363 1601 395 motus
1627 356 1746 407 origo
1768 357 1826 395 ita
1851 361 1942 410 ejus
1966 367 2097 408 genus
2121 356 2175 395 ad
2199 368 2268 394 res

224 418 529 459 constituendas
555 429 645 457 non·
664 415 822 457 sufficit.
878 416 996 456 Omni
1019 418 1131 456 'enim
1157 418 1349 469 qualitate
1375 416 1553 464 sublata,
1591 418 1797 469 quantitas
1832 418 1914 467 (sit
1945 418 2063 458 venia
2086 416 2152 456 his
2178 429 2267 456 ver-

224 482 307 531 bis)
332 480 465 520 solum
491 479 731 530 relinquitur
753 477 823 527 (ei.
851 479 904 517 de
928 478 1048 517 coelo
1075 479 1140 526 ΙΙΙ,
1166 483 1205 518 4.
1241 484 1386 518 Ποῖον
1420 479 1554 518 ‹it-xci
1578 482 1638 517 *nt*
1656 478 1881 518 endem&
1904 478 2039 527 σχῗιμ
2063 478 2267 518 ’πῖ-’νοτηι-

221 544 354 590 χείυν.
389 541 488 581 οὐδὲν
521 539 774 593 ἐπιδιόςισαν.
808 540 907 579 ἑλλοὶ
944 539 1052 589 μόνον
1085 538 1135 591 τᾷ
1167 545 1253 595 πυρὶ
1289 543 1354 589 τήν
1388 544 1551 594 σφαῖραύ
1584 539 2026 581 dnn-xzm-.css·1Stob.
2062 541 2101 587 1,
2139 555 2178 592 p.
2201 543 2267 580 Μ.

220 602 450 658 Δημόκριτος
483 601 564 643 notu
581 603 665 642 ,τᾶν
690 604 777 641 θεὸν
803 609 836 641 ὃν
864 606 949 657 πυρὶ
976 602 1203 656 &maeotidas
1231 602 1479 653 (ἀπεφήνατο.
1510 602 1578 643 c‘fs‘
1590 601 2009 655 Trentlelenbnrginm
2035 603 2089 642 ad
2115 602 2166 642 de
2201 614 2266 642 an.

223 680 264 717 p.
292 669 384 704 212.
426 666 589 714 Ξάὶᾠε,
624 665 868 716 θοήῴιῑηςεη
895 666 962 711 auf
985 668 1063 705 bem
1090 666 1236 707 &chine
1263 669 1320 706 bet
1345 679 1379 706 a·
1403 666 1476 713 W)-
1511 678 1551 716 1).
1580 667 1700 714 152.)
1734 677 1948 715 rerumque
1981 667 2146 704 mutatio
2171 664 2268 704 nihil

225 735 299 772 est,
331 728 408 765 nis'i
434 728 606 777 partium
633 738 686 764 ea
713 727 958 777 conjunctio,
987 739 1108 777 quam
1133 728 1178 765 τὸ
1205 726 1321 765 ποσόν
1346 728 1510 778 patitur,
1536 734 1582 765 ut
1606 734 1676 765 aut
1702 725 1806 766 infra
1832 733 1873 765 et
1896 738 2034 777 supra,
2061 733 2131 765 aut
2154 734 2268 765 extra

222 795 263 827 et
277 789 394 827 ‘intra
418 794 459 825 et
484 793 685 838 augeatur
715 793 756 825 et
788 787 1046 827 diminuatur.
1109 788 1168 827 Ita
1203 791 1339 836 γένεσις
1373 787 1417 827 fit
1449 786 1655 840 σύγκρισιςι
1673 786 1816 842 φθοραί
1850 785 2048 841 utinquam
2082 787 2268 831 οέλλοίυσις

223 849 294 898 (cf.
322 849 416 887 Met.
441 848 530 894 vn,
551 850 610 896 2.)
638 847 843 899 παράθεσις
866 850 940 896 (de
962 860 1055 899 gen.
1093 857 1133 887 et
1159 851 1228 887 int.
1257 851 1285 895 Ι,
1314 851 1372 899 2.)
1407 849 1545 888 Motus
1571 850 1694 899 igitur
1719 861 1843 899 quum
1867 850 1991 887 rebus
2016 861 2098 887 non
2122 851 2172 886 sit
2198 851 2266 886 im-

224 922 417 957 manens,
454 909 526 948 sed
568 909 821 948 extrinsecus
847 910 1040 957 addatur,
1078 923 1209 962 neque
1246 913 1284 950 in
1320 923 1455 950 rerum
1481 909 1716 949 affectiones
1751 911 1833 949 vim
1859 908 1985 949 ullam
2011 918 2200 949 exerceat.
2225 917 2267 949 ut

224 972 411 1015 ἀλλοίωσις
438 970 648 1017 efficiatur,
676 970 918 1021 corpuscula
945 970 1014 1010 ina
1039 971 1207 1019 infinita,
1233 974 1419 1019 indivisa,
1462 979 1502 1011 et
1534 973 1568 1011 si
1595 983 1745 1022 corpus
1770 972 1990 1011 animatum
2018 973 2266 1023 respicimus,

223 1037 358 1086 ignea,
373 1040 527 1072 tantum
545 1033 664 1072 abest
681 1041 726 1071 ut
743 1033 781 1070 in
798 1045 965 1083 corpus9
977 1034 1098 1072 animi
1117 1035 1422 1073 instrumentum
1440 1040 1768 1080 transmutentur,
1785 1041 1828 1071 ut
1846 1034 1898 1073 ad
1918 1047 2128 1073 numerum
2145 1046 2266 1085 quen-

225 1097 320 1137 dam
336 1100 613 1148 aggregentur
639 1092 790 1147 (τρόπιν
814 1092 888 1148 γάρ
910 1110 990 1132 τινα
1015 1097 1078 1133 καὶ
1097 1092 1191 1134 effron
1218 1094 1340 1134 πάντα
1363 1098 1411 1135 τοὶ
1439 1095 1525 1136 ὄντα
1543 1092 1708 1135 vesozem
1735 1093 1908 1147 οἷςώμσδς
1936 1098 2000 1134 καὶ
2026 1094 2062 1139 ἐξ
2088 1093 2266 1149 ἐριθμῧν·

227 1163 291 1197 καὶ
317 1160 388 1211 γὰρ
408 1161 440 1196 εἰ
469 1158 518 1206 μὴ
538 1156 662 1203 casp&
689 1155 867 1203 δηλοῦσιν,
895 1157 987 1204 ὅμως
1013 1156 1119 1195 τοῧτο
1135 1158 1323 1204 βούλονται
1342 1161 1478 1208 λέγειν)
1506 1160 1573 1211 qui
1590 1160 1779 1208 impetum
1802 1157 1971 1197 aliorum
1996 1165 2267 1196 ramentorum

226 1229 297 1259 aut
323 1221 493 1259 sustinet
519 1225 588 1256 aut
604 1217 760 1269 repellit
780 1226 851 1257 aut
874 1231 1014 1257 eorum
1041 1221 1159 1270 copia
1186 1222 1436 1271 opprimitur.
1474 1220 1667 1259 Nascitur
1691 1219 1813 1270 igitur
1839 1231 2000 1270 corpus,
2019 1221 2156 1258 nescio
2187 1232 2266 1270 qua

223 1275 408 1322 fortuita'
429 1289 657 1322 atomorum
694 1281 986 1333 congressione
1012 1288 1053 1321 et
1090 1283 1281 1329 circuitu,
1318 1296 1395 1323 nec
1422 1283 1570 1323 crescit
1595 1294 1646 1320 ex
1671 1281 1810 1320 intima
1835 1292 1913 1321 sua
1937 1287 2083 1321 natura
2116 1281 2169 1321 ad
2198 1295 2266 1332 ge-

225 1344 422 1382 neris-sui
456 1345 663 1394 propriam
702 1333 1015 1394 magnitudinem
1052 1351 1175 1394 atque
1207 1343 1400 1391 formam,
1436 1344 1511 1382 sed
1535 1354 1727 1382 numerus
1760 1341 2092 1393 corpusculorum
2119 1357 2264 1394 corpus

225 1403 481 1444 efficientium
514 1412 586 1443 aut
614 1404 786 1443 aliorum
823 1402 985 1443 fortuito
1011 1417 1183 1443 accessu
1210 1407 1397 1444 minuitur
1430 1417 1561 1456 usque
1588 1404 1681 1443 dum
1709 1412 1929 1442 evanescat
1955 1411 2025 1442 aut
2050 1405 2102 1443 ad
2128 1418 2263 1456 quam·

225 1466 323 1505 libet
353 1465 653 1517 amplitudinem
696 1472 829 1516 potest
864 1466 1020 1517 augeri.
1088 1465 1323 1505 Differentia
1348 1468 1470 1519 igitur
1504 1478 1610 1519 quae
1636 1467 1739 1505 inter
1764 1467 1855 1517 ipsa
1888 1467 2064 1505 animata
2092 1478 2265 1517 corpora

226 1535 307 1573 est,
350 1527 463 1566 nulla
490 1535 600 1566 certe
626 1535 690 1566 est
715 1528 792 1566 nisi
820 1529 975 1566 numeri
1001 1527 1226 1567 differentia
1252 1537 1536 1567 ramentorum.
1590 1529 1731 1579 ltaque
1756 1529 1874 1566 nimis
1901 1527 1996 1566 late·
2011 1526 2264 1566 Democritus

224 1590 384 1629 animae
410 1588 512 1628 fines
538 1588 736 1633 extendit,
777 1586 826 1626 cf.
855 1588 906 1626 de
932 1602 997 1627 an.
1036 1588 1062 1635 Ι,
1092 1591 1129 1634 2,
1168 1588 1203 1641 ξ.
1232 1592 1258 1628 5
1293 1598 1334 1629 et
1362 1592 1423 1629 12.
1466 1589 1560 1628 Met.
1589 1589 1657 1636 lv,
1682 1590 1721 1627 5.
1761 1587 2032 1639 Theophrast.
2060 1590 2111 1627 de
2138 1582 2259 1628 sensu
2300 1632 2303 1635 ,

227 1651 264 1704 §.
281 1653 346 1691 58.
373 1649 479 1690 Plut.
506 1649 619 1690 Plac.
648 1649 717 1697 w.
745 1653 784 1689 4.
832 1649 888 1688 Ut
921 1649 1179 1690 Democritus
1206 1652 1245 1690 in
1272 1652 1320 1690 iis
1347 1653 1486 1699 rebus,
1511 1664 1616 1704 quae
1643 1652 1707 1692 ad·
1722 1658 1909 1691 naturam
1935 1652 2136 1703 pertinent
2158 1654 2266 1704 prin-

227 1715 372 1764 cipium
397 1713 497 1752 illud
523 1711 667 1751 similia
693 1724 745 1750 ex
773 1713 973 1751 similibus
1001 1714 1089 1752 fleri
1117 1715 1193 1753 sibi
1222 1722 1457 1753 constanter
1482 1722 1723 1764 persecutus
1750 1721 1832 1759 est,
1868 1715 1925 1752 ita
1947 1714 2085 1759 iniis,
2122 1716 2267 1765 quibus

227 1775 388 1815 animae
415 1773 632 1814 facultates
658 1785 705 1812 se
732 1775 939 1824 praebent.
993 1774 1085 1813 Vita
1122 1775 1210 1825 ipsa
1245 1775 1468 1815 secundum
1495 1774 1602 1814 hanc
1627 1773 1877 1826 disciplinam
1903 1788 2042 1827 pugna
2066 1777 2266 1827 quaedam

229 1846 291 1877 est
328 1835 659 1887 corpusculorum
697 1843 737 1874 et
772 1837 1001 1875 intrantium
1040 1845 1080 1875 et.
1119 1837 1365 1876 evolantium
1401 1839 1669 1889 respiratione
1704 1839 1919 1877 commissa
1955 1844 2268 1878 et-mstentata.

228 1899 299 1945 (de
325 1912 391 1938 an.
417 1899 447 1944 1,
472 1902 498 1937 2
523 1898 562 1949 (ᾖ.
584 1902 622 1937 3.
652 1901 715 1937 12.
746 1899 798 1936 de
825 1910 934 1948 resp.
958 1898 991 1944 Ι,
1019 1912 1055 1936 c.
1083 1902 1121 1937 ⁴.
1150 1900 1201 1937 de
1228 1901 1322 1949 spir.
1351 1913 1385 1937 c.
1414 1903 1453 1938 3.
1482 1899 1584 1937 Plut.
1611 1900 1715 1950 plac„
1745 1900 1814 1946 IV,
1839 1903 1879 1938 8.
1907 1900 2022 1937 Stob.
2055 1900 2084 1944 Ι,
2110 1914 2149 1950 p.
2177 1903 2266 1939 796.

230 1959 313 1999 Cic.
342 1960 462 1999 Tusc.
490 1960 522 2006 l,
550 1962 598 1998 11
623 1966 663 1998 et
690 1960 772 2008 IS.)
795 1959 999 2005 ἱΑιιίῐιιιιε,
1024 1967 1070 1998 ut
1096 1961 1209 1999 brevi
1235 1961 1430 2005 dicamus.
1458 1968 1519 1998 est
1544 1969 1693 2011 corpus
1716 1961 1921 2012 quoddam
1949 1973 1999 1999 eo
2027 1973 2199 2011 corpore
2226 1963 2266 2000 in

229 2031 308 2074 quo
340 2023 466 2068 inest,
503 2020 700 2061 subtilius.
763 2020 885 2072 Atqui
922 2021 1263 2073 quemadmodum
1297 2029 1417 2060 sentit
1450 2030 1489 2061 et
1525 2023 1676 2074 cogitat
1709 2031 1750 2062 et
1778 2021 1889 2075 agit?
1932 2028 2042 2062 tactu
2076 2024 2195 2062 sentit
2230 2032 2268 2063 et

228 2086 332 2124 inter
357 2096 521 2123 sensum
550 2091 590 2123 et
611 2091 787 2122 mentem
813 2083 1028 2122 discrimen
1058 2092 1121 2122 est
1147 2082 1298 2122 nullum
1327 2085 1398 2131 (de
1424 2098 1488 2122 an.
1519 2086 1547 2131 Ι,
1574 2087 1633 2134 3.)
1700 2084 1903 2124 Describit
1930 2085 2088 2136 quidem
2115 2084 2264 2124 Demo-

228 2147 352 2187 critus
377 2146 539 2186 videndi
566 2153 606 2184 et
632 2145 819 2185 audiendi
849 2146 1041 2184 rationem
1066 2147 1300 2185 accuratius
1328 2145 1400 2194 (cs.
1429 2146 1624 2186 Mullach.
1655 2148 1680 2186 Ι.
1710 2147 1760 2186 ΙΙΙ
1788 2154 1828 2185 et
1854 2161 1892 2197 p.
1919 2149 2017 2196 412)
2045 2148 2117 2186 sed
2147 2149 2200 2187 ita
2228 2158 2268 2187 ut

229 2220 322 2246 cum
354 2206 576 2246 Aristotele
612 2206 952 2258 respondeman
996 2207 1034 2244 in
1070 2208 1203 2245 animo
1236 2206 1412 2258 lapidem
1449 2210 1509 2255 (si
1539 2222 1655 2260 quem
1685 2209 1978 2261 cognovimus)
2016 2221 2095 2247 non
2123 2208 2267 2248 inesse.

229 2269 376 2308 Omitto
411 2269 545 2306 ε’ἱδωλα
581 2281 630 2306 ea
657 2281 761 2317 quae
789 2266 955 2314 εὖλογχοι
990 2269 1111 2312 dixit.
1153 2278 1275 2320 atque
1310 2271 1343 2306 si
1382 2271 1539 2320 quidem
1567 2271 1834 2321 cognitionem
1863 2273 2008 2315 σκοτίην
2047 2278 2088 2308 et
2122 2278 2268 2317 γνωσίην

229 2330 453 2370 distinxerit
479 2329 611 2378 (Sext.
635 2329 752 2380 Emp.
775 2329 866 2368 adv.
888 2328 1078 2368 Mathem.
1098 2329 1186 2376 vn,
1215 2330 1578 2383 lati—88),<hujus
1605 2332 1847 2370 discriminis
1873 2340 2026 2383 quanta
2053 2333 2129 2371 erit
2159 2333 2267 2372 ‹liffe-

228 2393 371 2431 rentia-
406 2391 457 2430 οἳ.
485 2392 555 2429 Ar.
583 2391 639 2429 M.
676 2391 728 2428 ll}
755 2390 869 2439 (lV)
897 2404 933 2427 c.
959 2394 997 2428 ἴ).
1033 2392 1104 2428 Aio*
1129 2391 1354 2444 Δημόκριτός
1388 2396 1429 2438 γε’
1456 2398 1586 2438 Onam.
1625 2392 1700 2444 ἦτοι
1734 2392 1836 2430 οὐδὲν
1873 2391 1961 2430 εἶναι
1989 2392 2115 2440 οἷληθὲς
2144 2393 2165 2440 ἦ
2187 2394 2268 2441 ἡμῖν

228 2453 262 2500 γ’
290 2452 434 2500 ἄδηλον.
499 2453 605 2497 Quid
641 2453 692 2491 de
716 2453 926 2503 proposito
962 2453 1108 2491 dixerit
1143 2454 1329 2504 equidem
1365 2455 1500 2493 nescio
1528 2456 1600 2492 sed
1630 2468 1704 2506 pro
1735 2464 1847 2494 certo
1875 2456 1927 2493 ab
1956 2456 2143 2494 omnibus
2171 2457 2268 2495 viris

231 2512 359 2556 doctis
384 2514 557 2554 habetur
584 2513 832 2566 disciplinam
861 2515 963 2567 ejus,
1002 2527 1123 2566 quam
1151 2515 1344 2555 moralem
1374 2516 1543 2555 dicimus
1572 2531 1664 2556 cum
1692 2518 1813 2557 animi
1840 2518 2004 2556 notione
2038 2516 2135 2555 nihil
2164 2532 2270 2558 ‹eom-

230 2590 351 2617 mune
377 2577 543 2617 habere.
597 2576 806 2617 Summum
833 2577 870 2615 ei
898 2578 1046 2617 bonum
1069 2577 1228 2619 videtur
1255 2577 1422 2625 ἐθαμβία
1451 2586 1489 2617 et
1516 2577 1694 2632 ἀταραξία
1732 2577 1853 2631 Diog.
1880 2579 1928 2617 L.
1956 2578 2026 2625 lx,
2055 2582 2116 2618 45.
2155 2580 2268 2619 Stob.

231 2639 280 2685 11,
306 2652 345 2689 p.
372 2642 438 2686 75,
474 2638 558 2677 Cic.
587 2639 638 2676 de
664 2639 732 2676 fin.
760 2639 812 2685 V.
850 2642 913 2678 29.
950 2642 1016 2678 87.
1042 2650 1145 2690 quas
1173 2641 1376 2690 quomodo
1408 2652 1674 2692 assequamur
1706 2653 1838 2692 neque
1865 2641 2012 2679 edocet
2040 2653 2170 2691 neque
2199 2654 2270 2680 cur

232 2700 327 2740 illae
351 2713 550 2742 summum
579 2702 726 2740 bonum
753 2702 831 2740 sint
858 2700 1170 2752 philosophandi
1197 2702 1346 2741 invenit
1373 2703 1528 2741 ratione
1558 2703 1629 2742 sed
1661 2703 1920 2753 experientia.
